@inproceedings{sys2014faster,
  title={Faster randomness testing with the NIST statistical test suite},
  author={Sýs, Marek and Říha, Zdeněk},
  booktitle={Security, Privacy, and Applied Cryptography Engineering: 4th International Conference, SPACE 2014, Pune, India, October 18-22, 2014. Proceedings 4},
  pages={272--284},
  year={2014},
  organization={Springer}
}

@MASTERSTHESIS{vavercak,
  AUTHOR      = {Vaverčák, Patrik},
  TITLE       = {Aplikácia na štatistické testovanie pseudonáhodných postupností},
  TYPE = {Master's thesis},
  DATE        = {2022},
  INSTITUTION = {Slovak University of Technology in Bratislava, Faculty of Electrical Engineering},
  LOCATION = {Bratislava},
  LANGID      = {slovak},
  URL = {https://opac.crzp.sk/?fn=detailBiblioFormChildEBUS6&sid=D9F0BB0A8DA9926980A890D31B33&seo=CRZP-detail-kniha},
  SUPERVISOR = {Matúš Jókay},
}

@MastersThesis{rtt-obratil,
        AUTHOR = {Obrátil, Ľubomír},
        TITLE = {The automated testing of randomness with multiple statistical batteries},
        YEAR = {2017},
        TYPE = {Master's thesis},
        INSTITUTION = {Masaryk University, Faculty of Informatics},
        LOCATION = {Brno},
        SUPERVISOR = {Petr Švenda},
        URL = {https://is.muni.cz/th/uepbs/},
        URL_DATE = {2023-04-05},
}

@book{nist,
  title={Sp 800-22 rev. 1a. a statistical test suite for random and pseudorandom number generators for cryptographic applications},
  author={Bassham III, Lawrence E and Rukhin, Andrew L and Soto, Juan and Nechvatal, James R and Smid, Miles E and Barker, Elaine B and Leigh, Stefan D and Levenson, Mark and Vangel, Mark and Banks, David L and others},
  year={2010},
  publisher={National Institute of Standards \& Technology}
}